<?xml version="1.0" encoding="UTF-8"?><collection xmlns="http://www.loc.gov/MARC21/slim"><record><leader>00445nam--2200121-i-4500</leader><controlfield tag="001">000039334</controlfield><controlfield tag="002">20161230</controlfield><controlfield tag="005">20161230201042</controlfield><controlfield tag="008">060222s1000------------r-----000-0-eng-d</controlfield><datafield ind1=" " ind2=" " tag="080"><subfield code="a">621.313.12(043)</subfield></datafield><datafield ind1=" " ind2=" " tag="100"><subfield code="a">Prajoux, Roland</subfield></datafield><datafield ind1=" " ind2=" " tag="245"><subfield code="a">Etude des generateurs utilisant un redresseur polyphase et un filtre dynamique en tant que systemes de commandse. these</subfield></datafield><datafield ind1=" " ind2=" " tag="260"><subfield code="a">Toulouse, L`Universite Paul Sabatier De Toulouse, 1971, Xii + 227p. + 6 P. Bibl</subfield></datafield></record></collection>